@article{author1_year,
  title={An overview of regression techniques for knowledge discovery.},
  author={Guvenir and Uysal},
  journal={},
  volume={},
  number={},
  pages={},
  year={1999},
  publisher={Publisher}
}

@article{author1,
  title={Об алгебраическом синтезе корректирующих процедур распознавания на базе элементарных алгоритмов},
  author={Дюкова Е.В. and Журавлёв Ю.И. and Рудаков К.В.},
  journal={Ж. вычисл. матем. и матем. физ},
  volume={36},
  number={8},
  pages={215-223},
  year={1996},
  publisher={Publisher}
}

@article{author2_year,
  title={Klassifikaciya na osnove polnyh reshayushchih derevev.},
  author={Genrikhov and E.V. Djukova},
  journal={Journal Name},
  volume={1},
  number={1},
  pages={1--10},
  year={2012},
  publisher={Publisher}
}

@article{author2,
  title={Построение распознающих процедур на базе элементарных классификаторов},
  author={Дюкова, Е.В. and Песков, Н.В.},
  journal={Математические вопросы кибернетики. Вып. 14 – М.: Физматлит},
  volume={},
  number={},
  pages={57-92},
  year={2005},
  publisher={Publisher}
}

Д.В. Пантюхин А.И. Галушкин, В. Тханг. Гибридный алгоритм
кластеризации fast dbscan. 2015.

@article{author3,
  title={Гибридный алгоритм кластеризации FastDBSCAN},
  author={Пантюхин Д.В. and Галушкин А.И. and Тханг В.},
  journal={ТРУДЫ МФТИ},
  volume={7},
  number={3},
  pages={77-81},
  year={2015},
  publisher={Publisher}
}

7.	Дюкова Е. В., Инякин А. С. Об асимптотически оптимальном построении тупиковых покрытий целочисленной матрицы // Математические вопросы кибернетики. Вып. 17 — М.: Физматлит, 2008 — С. 247–262.

@article{author7,
  title={Об асимптотически оптимальном построении тупиковых покрытий целочисленной матрицы},
  author={Дюкова Е. В. and Инякин А. С.},
  journal={Математические вопросы кибернетики. Вып. 17 — М.: Физматлит},
  volume={},
  number={},
  pages={247-262},
  year={2008},
  publisher={Publisher}
}

@article{author9,
  title={О дуализации над произведением частичных порядков},
  author={Дюкова Е. В. and Масляков Г. О. and Прокофьев П. А.},
  journal={Машинное обучение и анализ данных},
  volume={3},
  number={4},
  pages={239-249},
  year={2017},
  publisher={Publisher}
}

@article{author12,
  title={Об асимптотически оптимальных алгоритмах дуализациив},
  author={Дюкова Е. В. and Прокофьев П. А.},
  journal={Ж. вычисл. матем. и матем. физ.},
  volume={55},
  number={5},
  pages={895-910},
  year={2015},
  publisher={Publisher}
}

@article{author5,
  title={Логические корректоры в задаче классификации по прецедентам},
  author={Дюкова Е. В. and Прокофьев П. А.},
  journal={Ж. вычисл. матем. и матем. физ.},
  volume={57},
  number={11},
  pages={1906-1927},
  year={2017},
  publisher={Publisher}
}

@article{author6,
  title={A Density-Based Algorithm for Discovering Clusters
in Large Spatial Databases with Noise},
  author={Martin Ester and Hans-Peter Kriegel and Jörg Sander and Xiaowei Xu},
  journal={KDD-96: The Second International Conference on Knowledge Discovery and Data Mining},
  volume={},
  number={},
  pages={},
  year={1996},
  publisher={Publisher}
}

@article{author8,
  title={Модель распознающих алгоритмов с представительными наборами и системами опорных множеств},
  author={Баскакова, Л.В. and Журавлёв, Ю.И.},
  journal={Ж.вычисл.матем.и.матем.физ.},
  volume={21},
  number={5},
  pages={1264-1275},
  year={1981},
  publisher={Publisher}
}


@article{author3_year,
  title={A classification algorithm based on the complete decision tree},
  author={E.V. Djukova and Peskov},
  journal={Journal Name},
  volume={1},
  number={1},
  pages={1--10},
  year={2007},
  publisher={Publisher}
}

@article{author4_year,
  title={О полных регрессионных решающих деревьях},
  author={Генрихов, И.Е. and Дюкова, Е.В. and Журавлев, В.И.},
  journal={},
  volume={},
  number={},
  pages={1--10},
  year={2016},
  publisher={}
}

@article{author5_year,
  title={Курс лекций по машинному обучению. Кластеризация и частичное обучение},
  author={Воронцов К.В.},
  journal={},
  volume={},
  number={},
  pages={},
  year={2021},
  publisher={}
}

@article{author6_year,
  title={Машинное обучение (курс лекций). Многомерная линейная регрессия. Нелинейная регрессия},
  author={Воронцов К.В.},
  journal={},
  volume={},
  number={},
  pages={},
  year={2016},
  publisher={}
}


@article{author8_year,
  title={Об алгебро-логическом синтезе корректных процедур распознавания на базе элементарных алгоритмов},
  author={Дюкова, Е.В. and Журавлёв, Ю.И. and Рудаков, К.В.},
  journal={},
  volume={},
  number={},
  pages={},
  year={1995},
  publisher={}
}

@article{author9_year,
  title={On the estimation of a probability density function and mode},
  author={E.Parzen},
  journal={},
  volume={},
  number={},
  pages={},
  year={1962},
  publisher={}
}
 
@article{author10_year,
  title={Classification and Regression Trees, Bagging, and Boosting.},
  author={D. Clifton},
  journal={},
  volume={},
  number={},
  pages={},
  year={2005},
  publisher={}
}

@article{author21,
  title={The Elements of Statistical Learning: Data Mining, Inference, and Prediction.},
  author={T. Hastie},
  journal={Springer},
  volume={},
  number={},
  pages={43-73},
  year={2009},
  publisher={}
}

@article{author22,
  title={Pattern Recognition and Machine Learning.},
  author={C. M. Bishop},
  journal={Springer},
  volume={},
  number={},
  pages={301-306},
  year={2006},
  publisher={}
}

@article{author23,
  title={Random forests.},
  author={Breiman, Leo},
  journal={Machine learning 45.1},
  volume={},
  number={},
  pages={},
  year={2001},
  publisher={}
}

@article{author24,
  title={Учебник по машинному обучению. Метрические методы},
  author={ШАД},
  journal={},
  volume={},
  number={},
  pages={},
  year={},
  publisher={}
}

@article{author25,
  title={Greedy function approximation: a gradient boosting machine.},
  author={Jerome H. Friedman},
  journal={Annals of statistics},
  volume={},
  number={},
  pages={1189-1232},
  year={2001},
  publisher={}
}

@article{lyubimtseva14,
  title={Логические корректоры в задачах распознавания},
  author={Любимцева, М.М.},
  journal={Тезисы лучших дипломных работ факультета ВМК МГУ},
  volume={},
  number={},
  pages={47-50},
  year={2014},
  publisher={}
}
